@article{mahnobDataset,
author = {Soleymani, Mohammad and Lichtenauer, Jeroen and Pun, Thierry and Pantic, Maja},
title = {A Multimodal Database for Affect Recognition and Implicit Tagging},
year = {2012},
issue_date = {January 2012},
publisher = {IEEE Computer Society Press},
address = {Washington, DC, USA},
volume = {3},
number = {1},
issn = {1949-3045},
url = {https://doi.org/10.1109/T-AFFC.2011.25},
doi = {10.1109/T-AFFC.2011.25},
journal = {IEEE Trans. Affect. Comput.},
month = jan,
pages = {42â€“55},
numpages = {14},
keywords = {eye gaze, Emotion recognition, facial expressions, affective computing., pattern classification, implicit tagging, physiological signals, EEG}
}

@ARTICLE{mahnobEmo,
  author={M. {Soleymani} and S. {Asghari-Esfeden} and Y. {Fu} and M. {Pantic}},
  journal={IEEE Transactions on Affective Computing}, 
  title={Analysis of EEG Signals and Facial Expressions for Continuous Emotion Detection}, 
  year={2016},
  volume={7},
  number={1},
  pages={17-28},}

@inproceedings{wiem,
author = {Wiem, Mimoun and Lachiri, Zied},
year = {2017},
month = {05},
pages = {1-6},
title = {Emotion classification in arousal-valence dimension using discrete affective keywords tagging},
doi = {10.1109/ICEMIS.2017.8272991}
}

@inproceedings{sel,
  title={Selection of the Most Relevant Physiological Features for Classifying Emotion},
  author={Christelle Godin and F. Prost-Boucle and Aur{\'e}lie Campagne and Sylvie Charbonnier and St{\'e}phane Bonnet and Audrey Vidal},
  booktitle={PhyCS},
  year={2015}
}
@INPROCEEDINGS{holly,
  author={I. {Laptev} and M. {Marszalek} and C. {Schmid} and B. {Rozenfeld}},
  booktitle={2008 IEEE Conference on Computer Vision and Pattern Recognition}, 
  title={Learning realistic human actions from movies}, 
  year={2008},
  volume={},
  number={},
  pages={1-8},}
  
 @INPROCEEDINGS{window,
  author={H. {Candra} and M. {Yuwono} and R. {Chai} and A. {Handojoseno} and I. {Elamvazuthi} and H. T. {Nguyen} and S. {Su}},
  booktitle={2015 37th Annual International Conference of the IEEE Engineering in Medicine and Biology Society (EMBC)}, 
  title={Investigation of window size in classification of EEG-emotion signal with wavelet entropy and support vector machine}, 
  year={2015},
  volume={},
  number={},
  pages={7250-7253},}